
@inproceedings{caccamo2000capacity,
  title={Capacity sharing for overrun control},
  author={Caccamo, Marco and Buttazzo, Giorgio and Sha, Lui},
  booktitle={Proceedings of the 21st IEEE Real-Time Systems Symposium},
  pages={295--304},
  year={2000},
  organization={IEEE}
}

@inproceedings{olveczky2006formal,
author="{\"O}lveczky, Peter Csaba and Caccamo, Marco",
title="Formal Simulation and Analysis of the {CASH} Scheduling Algorithm in {R}eal-{T}ime {M}aude",
bookTitle="Proceedings of the 9th International Conference on Fundamental Approaches to Software Engineering (FASE 2006)",
year="2006",
publisher="Springer",
address="Berlin, Heidelberg",
pages="357--372",
isbn="978-3-540-33094-3",
doi="10.1007/11693017_26",
url="https://doi.org/10.1007/11693017_26"
}

