---
references:

-   id: munoz-rewriting-modulo-smt
    type: article-journal
    author:
    -   family: Rocha
        given: Camilo
    -   family: Meseguer
        given: José
    -   family: Muñoz
        given: César
    issued:
    -   year: '2017'
    title: Rewriting modulo smt and open system analysis
    container-title: Journal of Logical and Algebraic Methods in Programming
    page: 269 - 297
    volume: '86'
    issue: '1'
    URL: http://www.sciencedirect.com/science/article/pii/S2352220816301195
    DOI: https://doi.org/10.1016/j.jlamp.2016.10.001
    ISSN: '2352-2208'

-   id: all-about-maude
    type: book
    author:
    -   family: Clavel
        given: Manuel
    -   family: Durán
        given: Francisco
    -   family: Eker
        given: Steven
    -   family: Lincoln
        given: Patrick
    -   family: Martí-Oliet
        given: Narciso
    -   family: Meseguer
        given: José
    -   family: Talcott
        given: Carolyn
    issued:
    -   year: '2007'
    title: 'All about maude - a high-performance logical framework: How to specify, program and verify systems in rewriting logic'
    title-short: All about maude - a high-performance logical framework
    publisher: Springer-Verlag
    publisher-place: Berlin, Heidelberg
    ISBN: 3-540-71940-7, 978-3-540-71940-3

-   id: tinelli-cvc4
    type: paper-conference
    author:
    -   family: Barrett
        given: Clark
    -   family: Conway
        given: Christopher L.
    -   family: Deters
        given: Morgan
    -   family: Hadarean
        given: Liana
    -   family: Jovanović
        given: Dejan
    -   family: King
        given: Tim
    -   family: Reynolds
        given: Andrew
    -   family: Tinelli
        given: Cesare
    editor:
    -   family: Gopalakrishnan
        given: Ganesh
    -   family: Qadeer
        given: Shaz
    issued:
    -   year: '2011'
        month: '7'
    title: CVC4
    container-title: Proceedings of the 23rd international conference on computer aided verification (cav ’11)
    collection-title: Lecture notes in computer science
    publisher: Springer
    page: '171-177'
    volume: '6806'
    note: Snowbird, Utah
    URL: http://www.cs.stanford.edu/~barrett/pubs/BCD+11.pdf

-   id: roderick-yices2
    type: paper-conference
    author:
    -   family: Dutertre
        given: Bruno
    editor:
    -   family: Biere
        given: Armin
    -   family: Bloem
        given: Roderick
    issued:
    -   year: '2014'
    title: Yices 2.2
    container-title: Computer aided verification
    publisher: Springer International Publishing
    publisher-place: Cham
    page: '737-744'
    ISBN: '978-3-319-08867-9'

-   id: bae-escobar-meseguer-abstract-model-checking
    type: paper-conference
    author:
    -   family: Bae
        given: Kyungmin
    -   family: Escobar
        given: Santiago
    -   family: Meseguer
        given: José
    editor:
    -   family: Raamsdonk
        given: Femke
        dropping-particle: van
    issued:
    -   year: 2013
    title: {Abstract Logical Model Checking of Infinite-State Systems Using Narrowing}
    container-title: 24th international conference on rewriting techniques and applications (rta 2013)
    collection-title: Leibniz international proceedings in informatics (lipics)
    publisher: Schloss Dagstuhl–Leibniz-Zentrum fuer Informatik
    publisher-place: Dagstuhl, Germany
    page: 81-96
    volume: '21'
    annote: 'Keywords: model checking, infinite states, rewrite theories, narrowing'
    URL: http://drops.dagstuhl.de/opus/volltexte/2013/4055
    DOI: 10.4230/LIPIcs.RTA.2013.81
    ISBN: 978-3-939897-53-8
    ISSN: 1868-8969
---
